<record><leader>00000cas a22000007a 4500</leader><controlfield tag="001">32147556</controlfield><controlfield tag="008">950314d192219uuohumr ne      0    0eng d</controlfield><datafield ind1=" " ind2=" " tag="010"><subfield code="a">sn 95063074 </subfield></datafield><datafield ind1=" " ind2=" " tag="040"><subfield code="a">CNW</subfield><subfield code="b">eng</subfield><subfield code="c">CNW</subfield><subfield code="d">OCL</subfield><subfield code="d">OCLCQ</subfield><subfield code="d">OCLCF</subfield><subfield code="d">OCLCO</subfield></datafield><datafield ind1="1" ind2=" " tag="029"><subfield code="a">AU@</subfield><subfield code="b">000011637095</subfield></datafield><datafield ind1=" " ind2=" " tag="042"><subfield code="a">msc</subfield></datafield><datafield ind1=" " ind2=" " tag="043"><subfield code="a">n-us-ct</subfield><subfield code="a">n-us-ri</subfield></datafield><datafield ind1="0" ind2=" " tag="130"><subfield code="a">American issue (Westerville, Ohio : Connecticut-Rhode Island ed.)</subfield></datafield><datafield ind1="1" ind2="4" tag="245"><subfield code="a">The American issue.</subfield></datafield><datafield ind1=" " ind2=" " tag="250"><subfield code="a">Connecticut-Rhode Island ed.</subfield></datafield><datafield ind1=" " ind2=" " tag="260"><subfield code="a">Westerville, Ohio :</subfield><subfield code="b">American Issue Pub. Co.</subfield></datafield><datafield ind1=" " ind2=" " tag="300"><subfield code="a">v.</subfield></datafield><datafield ind1=" " ind2=" " tag="310"><subfield code="a">Monthly,</subfield><subfield code="b">&lt;Aug.-Sept. 1925&gt;</subfield></datafield><datafield ind1=" " ind2=" " tag="321"><subfield code="a">Weekly,</subfield><subfield code="b">&lt;Apr. 15-Nov. 25, 1922&gt;</subfield></datafield><datafield ind1=" " ind2=" " tag="321"><subfield code="a">Biweekly,</subfield><subfield code="b">&lt;June 9-Dec. 22, 1923&gt;</subfield></datafield><datafield ind1="1" ind2=" " tag="362"><subfield code="a">Began in 1922.</subfield></datafield><datafield ind1=" " ind2=" " tag="500"><subfield code="a">National ed. and eds. for each state also available.</subfield></datafield><datafield ind1=" " ind2=" " tag="550"><subfield code="a">[Organ of]: Connecticut Anti-Saloon League, and: Rhode Island Anti-Saloon League.</subfield></datafield><datafield ind1=" " ind2=" " tag="588"><subfield code="a">Description based on: Vol. 1, no. 3 (Apr. 15, 1922).</subfield></datafield><datafield ind1=" " ind2="0" tag="650"><subfield code="a">Temperance</subfield><subfield code="z">Connecticut</subfield><subfield code="v">Newspapers.</subfield></datafield><datafield ind1=" " ind2="0" tag="650"><subfield code="a">Temperance</subfield><subfield code="z">Rhode Island</subfield><subfield code="v">Newspapers.</subfield></datafield><datafield ind1=" " ind2="7" tag="655"><subfield code="a">Newspapers.</subfield><subfield code="2">fast</subfield><subfield code="0">(OCoLC)fst01423814</subfield></datafield><datafield ind1=" " ind2="7" tag="650"><subfield code="a">Temperance.</subfield><subfield code="2">fast</subfield><subfield code="0">(OCoLC)fst01147309</subfield></datafield><datafield ind1=" " ind2="7" tag="651"><subfield code="a">Connecticut.</subfield><subfield code="2">fast</subfield><subfield code="0">(OCoLC)fst01205688</subfield></datafield><datafield ind1=" " ind2="7" tag="651"><subfield code="a">Rhode Island.</subfield><subfield code="2">fast</subfield><subfield code="0">(OCoLC)fst01204599</subfield></datafield><datafield ind1="2" ind2=" " tag="710"><subfield code="a">Connecticut Anti-Saloon League.</subfield></datafield><datafield ind1="2" ind2=" " tag="710"><subfield code="a">Rhode Island Anti-Saloon League.</subfield></datafield><datafield ind1=" " ind2=" " tag="752"><subfield code="a">United States</subfield><subfield code="b">Ohio</subfield><subfield code="c">Franklin</subfield><subfield code="d">Westerville.</subfield></datafield><datafield ind1="1" ind2=" " tag="775"><subfield code="t">American issue (Westerville, Ohio : 1907)</subfield><subfield code="w">(DLC)sn 86090446</subfield><subfield code="w">(OCoLC)14936328</subfield></datafield></record>